<record><leader>00000cas a22000007a 4500</leader><controlfield tag="001">25971312</controlfield><controlfield tag="008">920608d19291938wyuwr ne      0    0eng d</controlfield><datafield ind1=" " ind2=" " tag="010"><subfield code="a">sn 92067093 </subfield></datafield><datafield ind1=" " ind2=" " tag="040"><subfield code="a">NVO</subfield><subfield code="b">eng</subfield><subfield code="c">NVO</subfield><subfield code="d">OCLCQ</subfield></datafield><datafield ind1=" " ind2=" " tag="042"><subfield code="a">msc</subfield></datafield><datafield ind1="0" ind2="4" tag="245"><subfield code="a">The Dubois frontier and the Dubois courier.</subfield></datafield><datafield ind1="1" ind2="7" tag="246"><subfield code="a">Dubois frontier</subfield></datafield><datafield ind1=" " ind2=" " tag="260"><subfield code="a">Dubois, Fremont County, Wyo. :</subfield><subfield code="b">A.F. Duntsch</subfield></datafield><datafield ind1=" " ind2=" " tag="300"><subfield code="a">v.</subfield></datafield><datafield ind1=" " ind2=" " tag="310"><subfield code="a">Weekly</subfield></datafield><datafield ind1="1" ind2=" " tag="362"><subfield code="a">Began in 1929.</subfield><subfield code="z">Cf. Homsher, L. Guide to Wyoming newspapers, 1867-1967.</subfield></datafield><datafield ind1="0" ind2=" " tag="362"><subfield code="a">Vol. 9, no. 1 (Mar. 9, 1929)-</subfield></datafield><datafield ind1=" " ind2=" " tag="515"><subfield code="a">July 3, 1935-&lt;Dec. 31, 1937&gt; called: Vol. 8, no. 52-&lt;v. 10, no. 41&gt;.</subfield></datafield><datafield ind1=" " ind2=" " tag="580"><subfield code="a">Called: The Dubois frontier, June 19-25, 1931.</subfield></datafield><datafield ind1=" " ind2="4" tag="651"><subfield code="a">Dubois (Wyo.)</subfield><subfield code="v">Newspapers.</subfield></datafield><datafield ind1=" " ind2="4" tag="651"><subfield code="a">Fremont County (Wyo.)</subfield><subfield code="v">Newspapers.</subfield></datafield><datafield ind1=" " ind2=" " tag="752"><subfield code="a">United States</subfield><subfield code="b">Wyoming</subfield><subfield code="c">Fremont</subfield><subfield code="d">Dubois.</subfield></datafield><datafield ind1="0" ind2="0" tag="780"><subfield code="t">Dubois courier (Dubois, Wyo.)</subfield></datafield><datafield ind1="0" ind2="4" tag="785"><subfield code="t">Wind River mountaineer</subfield><subfield code="w">(DLC)sn 90051452</subfield></datafield></record>